<?xml version="1.0" encoding="UTF-8"?><collection xmlns="http://www.loc.gov/MARC21/slim"><record><leader>00668nam--2200193-i-4500</leader><controlfield tag="001">000013546</controlfield><controlfield tag="002">20161230</controlfield><controlfield tag="005">20161230201030</controlfield><controlfield tag="008">060222s1000------------r-----000-0-eng-d</controlfield><datafield ind1=" " ind2=" " tag="040"><subfield code="a">IFIN-HH</subfield></datafield><datafield ind1=" " ind2=" " tag="080"><subfield code="a">539.1.074:539.1.08:681.324(075.9)</subfield></datafield><datafield ind1="1" ind2=" " tag="100"><subfield code="a">Nelson, Wlter R</subfield></datafield><datafield ind1="1" ind2="0" tag="245"><subfield code="a">Computer techniques in radiation transport and dosimetry. ettore majorana international science series. vol. 3</subfield><subfield code="c">Walter r.nelson, theodore m. jenkins (eds.)</subfield></datafield><datafield ind1=" " ind2=" " tag="260"><subfield code="a">New York</subfield><subfield code="b">Plenum Press</subfield><subfield code="c">1980</subfield></datafield><datafield ind1=" " ind2=" " tag="300"><subfield code="a">XII + 521 P</subfield></datafield><datafield ind1=" " ind2=" " tag="490"><subfield code="a">Ettore Majorana International Science Series, 3</subfield></datafield><datafield ind1="1" ind2=" " tag="700"><subfield code="a">Jenkins, Theodore M</subfield><subfield code="e">Ed</subfield></datafield><datafield ind1=" " ind2=" " tag="852"><subfield code="a">48928</subfield><subfield code="c">53</subfield></datafield><datafield ind1=" " ind2=" " tag="CAT"><subfield code="a">Sys</subfield><subfield code="c">20150327</subfield><subfield code="h">131330</subfield></datafield></record></collection>